<record><leader>00000cas a22000007a 4500</leader><controlfield tag="001">19338808</controlfield><controlfield tag="008">890310d19uu1977gauwr ne      0    0eng d</controlfield><datafield ind1=" " ind2=" " tag="010"><subfield code="a">sn 89053347 </subfield></datafield><datafield ind1=" " ind2=" " tag="040"><subfield code="a">NLG</subfield><subfield code="b">eng</subfield><subfield code="c">NLG</subfield><subfield code="d">GUA</subfield><subfield code="d">OCLCQ</subfield><subfield code="d">OCLCF</subfield><subfield code="d">OCLCO</subfield></datafield><datafield ind1="1" ind2=" " tag="029"><subfield code="a">AU@</subfield><subfield code="b">000025902188</subfield></datafield><datafield ind1=" " ind2=" " tag="042"><subfield code="a">msc</subfield></datafield><datafield ind1=" " ind2=" " tag="043"><subfield code="a">n-us-ga</subfield></datafield><datafield ind1="0" ind2=" " tag="130"><subfield code="a">Free press (Thomaston, Ga.)</subfield></datafield><datafield ind1="1" ind2="4" tag="245"><subfield code="a">The free press.</subfield></datafield><datafield ind1=" " ind2=" " tag="260"><subfield code="a">Thomaston, Ga. :</subfield><subfield code="b">Leo H. Bowen,</subfield><subfield code="c">-[1977]</subfield></datafield><datafield ind1=" " ind2=" " tag="300"><subfield code="a">v.</subfield></datafield><datafield ind1=" " ind2=" " tag="310"><subfield code="a">Weekly,</subfield><subfield code="b">Aug. 14, 1945-Mar. 28, 1977</subfield></datafield><datafield ind1=" " ind2=" " tag="321"><subfield code="a">Weekly,</subfield><subfield code="b">&lt;Jan. 6, 1944&gt;-Mar. 22, 1945</subfield></datafield><datafield ind1=" " ind2=" " tag="321"><subfield code="a">Semiweekly,</subfield><subfield code="b">Mar. 27, 1945-Aug. 7, 1945</subfield></datafield><datafield ind1="0" ind2=" " tag="362"><subfield code="a">-v. 36, no. 13 (Mar. 28, 1977).</subfield></datafield><datafield ind1=" " ind2=" " tag="530"><subfield code="a">Also on microfilm: Athens, Ga. : University of Georgia Libraries.</subfield></datafield><datafield ind1=" " ind2=" " tag="580"><subfield code="a">Merged with: Thomaston times, to form: Thomaston times and the free press.</subfield></datafield><datafield ind1=" " ind2=" " tag="588"><subfield code="a">Description based on: Vol. 5, no. 11 (Jan. 6, 1944).</subfield></datafield><datafield ind1=" " ind2="0" tag="651"><subfield code="a">Thomaston (Ga.)</subfield><subfield code="v">Newspapers.</subfield></datafield><datafield ind1=" " ind2="0" tag="651"><subfield code="a">Upson County (Ga.)</subfield><subfield code="v">Newspapers.</subfield></datafield><datafield ind1=" " ind2="7" tag="655"><subfield code="a">Newspapers.</subfield><subfield code="2">fast</subfield><subfield code="0">(OCoLC)fst01423814</subfield></datafield><datafield ind1=" " ind2="7" tag="651"><subfield code="a">Georgia</subfield><subfield code="z">Thomaston.</subfield><subfield code="2">fast</subfield><subfield code="0">(OCoLC)fst01217819</subfield></datafield><datafield ind1=" " ind2="7" tag="651"><subfield code="a">Georgia</subfield><subfield code="z">Upson County.</subfield><subfield code="2">fast</subfield><subfield code="0">(OCoLC)fst01213842</subfield></datafield><datafield ind1=" " ind2=" " tag="752"><subfield code="a">United States</subfield><subfield code="b">Georgia</subfield><subfield code="c">Upson</subfield><subfield code="d">Thomaston.</subfield></datafield><datafield ind1="1" ind2="7" tag="785"><subfield code="t">Thomaston times</subfield><subfield code="w">(DLC)sn 89053349</subfield><subfield code="w">(OCoLC)19346985</subfield></datafield><datafield ind1="1" ind2="7" tag="785"><subfield code="t">Thomaston times and the free press</subfield><subfield code="w">(DLC)sn 89053345</subfield><subfield code="w">(OCoLC)19334376</subfield></datafield></record>